@manual{sample,
  organization = {TU Dortmund, Fakultät Physik},
  title = {Versuch zum Literaturverzeichnis},
  year = 2014
}

@manual{v206,
  organization = {TU Dortmund, Fakultät Physik},
  title = {Versuchsanleitung „Die Wärmepumpe“},
  year = 2021
}

@book{demtroeder1,
  title        = {Experimentalpyhsik 1},
  subtitle     = {Mechanik und Wärme},
  author       = {Demtröder, Wolfgang},
  year         = {2018},
  isbn         = {978-3-662-54846-2},
  publisher    = {Springer Spektrum},
}